<record><leader>00000cas a22000007a 4500</leader><controlfield tag="001">18204342</controlfield><controlfield tag="008">880712c19uu9999txuwr ne      0    0eng d</controlfield><datafield ind1=" " ind2=" " tag="010"><subfield code="a">sn 88083910 </subfield></datafield><datafield ind1=" " ind2=" " tag="040"><subfield code="a">PPM</subfield><subfield code="b">eng</subfield><subfield code="c">PPM</subfield><subfield code="d">OCLCQ</subfield></datafield><datafield ind1=" " ind2=" " tag="042"><subfield code="a">msc</subfield></datafield><datafield ind1="0" ind2="0" tag="245"><subfield code="a">Corrigan times.</subfield></datafield><datafield ind1=" " ind2=" " tag="260"><subfield code="a">Corrigan, Tex. :</subfield><subfield code="b">Polk County Pub. Co.</subfield></datafield><datafield ind1=" " ind2=" " tag="310"><subfield code="a">Weekly</subfield></datafield><datafield ind1=" " ind2=" " tag="588"><subfield code="a">Description based on: Vol. 28, no. 34 (Sept. 16, 1982).</subfield></datafield><datafield ind1=" " ind2=" " tag="752"><subfield code="a">United States</subfield><subfield code="b">Texas</subfield><subfield code="c">Polk</subfield><subfield code="d">Corrigan.</subfield></datafield></record>